<record xmlns="http://www.loc.gov/MARC21/slim" xmlns:xsi="http://www.w3.org/2001/XMLSchema-instance" xsi:schemaLocation="http://www.loc.gov/MARC21/slim http://www.loc.gov/standards/marcxml/schema/MARC21slim.xsd">

  <leader>00635nam a2200205Ia 4500</leader>
  <controlfield tag="008">160517b2009    C  a|||| |||| 00| | spa d</controlfield>
  <datafield ind2=" " ind1=" " tag="020">
    <subfield code="a">9789968527071</subfield>
  </datafield>
  <datafield tag="090" ind1=" " ind2=" ">
    <subfield code="a">14.02.04 </subfield>
    <subfield code="b">1749</subfield>
  </datafield>
  <datafield ind2=" " tag="100" ind1="1">
    <subfield code="a">Cordero Cordero, Teresita </subfield>
    <subfield code="9">715</subfield>
  </datafield>
  <datafield ind2="0" tag="245" ind1="1">
    <subfield code="a">Madres  maestras de Centroamérica: Herencia de nuestras memorias</subfield>
  </datafield>
  <datafield ind2=" " tag="260" ind1=" ">
    <subfield code="a">Costa Rica : </subfield>
    <subfield code="b">INIE, </subfield>
    <subfield code="c">2009</subfield>
  </datafield>
  <datafield ind2=" " ind1=" " tag="300">
    <subfield code="a">356 páginas;</subfield>
    <subfield code="b">ilustraciones; </subfield>
  </datafield>
  <datafield ind2=" " tag="490" ind1=" ">
    <subfield code="a">Colección Yiguirro</subfield>
  </datafield>
  <datafield ind2="4" tag="650" ind1="1">
    <subfield code="a">MADRES</subfield>
    <subfield code="9">1614</subfield>
  </datafield>
  <datafield ind2="4" ind1="1" tag="650">
    <subfield code="a">CRIANZA DEL NIÑO</subfield>
    <subfield code="9">1214</subfield>
  </datafield>
  <datafield tag="650" ind1="1" ind2="4">
    <subfield code="a">RELATOS PERSONALES</subfield>
    <subfield code="9">422</subfield>
  </datafield>
  <datafield tag="650" ind1="1" ind2="4">
    <subfield code="a">PRIMERA INFANCIA</subfield>
    <subfield code="9">757</subfield>
  </datafield>
  <datafield ind2="0" ind1="1" tag="650">
    <subfield code="a">EDUCACIÓN NO FORMAL </subfield>
    <subfield code="9">386</subfield>
  </datafield>
  <datafield ind2=" " ind1=" " tag="942">
    <subfield code="2">z</subfield>
    <subfield code="c">01</subfield>
  </datafield>
  <datafield ind2=" " tag="999" ind1=" ">
    <subfield code="c">597</subfield>
    <subfield code="d">597</subfield>
  </datafield>
</record>